@misc{skalagantt,
    author    = "Wolfgang Skala",
    title     = "Drawing Gantt Charts in LaTeX with TikZ",
    url       = "http://osl.ugr.es/CTAN/graphics/pgf/contrib/pgfgantt/pgfgantt.pdf"
}

@article{einstein,
    author =       "Albert Einstein",
    title =        "{Zur Elektrodynamik bewegter K{\"o}rper}. ({German})
        [{On} the electrodynamics of moving bodies]",
    journal =      "Annalen der Physik",
    volume =       "322",
    number =       "10",
    pages =        "891--921",
    year =         "1905",
    DOI =          "http://dx.doi.org/10.1002/andp.19053221004"
}
 
@book{latexcompanion,
    author    = "Michel Goossens and Frank Mittelbach and Alexander Samarin",
    title     = "The \LaTeX\ Companion",
    year      = "1993",
    publisher = "Addison-Wesley",
    address   = "Reading, Massachusetts"
}

@misc{knuthwebsite,
    author    = "Donald Knuth",
    title     = "Knuth: Computers and Typesetting",
    url       = "http://www-cs-faculty.stanford.edu/\~{}uno/abcde.html"
}

@misc{TLS_ossification,
  title         = {[Online] Why TLS 1.3 isn't in browsers yet},
  howpublished  = {\url{https://blog.cloudflare.com/why-tls-1-3-isnt-in-browsers-yet/}},
  note          = {Accessed: 2022-04-15}
}

@misc{Road_to_QUIC,
  title         = {[Online] The Road to QUIC},
  howpublished  = {\url{https://blog.cloudflare.com/the-road-to-quic/}},
  note          = {Accessed: 2022-04-15}
}

@misc{HPACK,
  title         = {[Online] HPACK: the silent killer (feature) of HTTP/2},
  howpublished  = {\url{https://blog.cloudflare.com/hpack-the-silent-killer-feature-of-http-2/}},
  note          = {Accessed: 2022-04-15}
}


@misc{HTTP/2_server_push,
  title         = {[Online] Announcing Support for HTTP/2 Server Push},
  howpublished  = {\url{https://blog.cloudflare.com/announcing-support-for-http-2-server-push-2/}},
  note          = {Accessed: 2022-04-15}
}

@misc{Start_QUIC,
  title         = {[Online] Get a head start with QUIC},
  howpublished  = {\url{https://blog.cloudflare.com/announcing-support-for-http-2-server-push-2/}},
  note          = {Accessed: 2022-04-15}
}

@misc{Como_funcionan_los_ISP_y_CDN,
  title         = {[Online] Cómo funcionan Netflix y otros servicios de streaming y por qué se pueden caer en días como estos},
  howpublished  = {\url{https://www.genbeta.com/multimedia/como-funcionan-netflix-otros-servicios-streaming-que-se-pueden-caer-dias-como-estos}},
  note          = {Accessed: 2022-04-17}
}


@misc{MulticastExtensionOverQUIC,
  title         = {[Online] Multicast Extension for QUIC},
  howpublished  = {\url{https://grumpyoldtroll.github.io/draft-jholland-quic-multicast/draft-jholland-quic-multicast.html}},
  note          = {Accessed: 2022-03-23}
}

@misc{operadoras_subir_costes_youtube_netflix,
  title         = {[Online] 13 grandes operadoras se unen para volver a pedir a Europa que servicios como Netflix o Youtube ayuden con los costes de la red},
  howpublished  = {\url{https://www.xataka.com/empresas-y-economia/13-grandes-operadoras-se-unen-para-volver-a-pedir-a-europa-pago-tuberias-que-servicios-como-netflix-youtube-ayuden-costes-red}},
  note          = {Accessed: 2021-11-29}
}

@misc{trafic_internet_streaming,
  title         = {[Online] El streaming ya representa el 70% del tráfico de la red (y subiendo)},
  howpublished  = {\url{https://hipertextual.com/2015/12/streaming-netflix-ancho-banda}},
  note          = {Accessed: 2022-04-17}
}

@misc{Multicast_for_the_web,
  title         = {[Online] Multicast for the web},
  howpublished  = {\url{https://www.google.com/url?sa=t&rct=j&q=&esrc=s&source=web&cd=&ved=2ahUKEwjU3rPYxJv3AhVXg_0HHQfgBSEQFnoECAQQAQ&url=https%3A%2F%2Fwww.w3.org%2F2011%2Fwebtv%2Fwiki%2Fimages%2F9%2F94%2FMulticast%252C_2021-04_%2540W3C_Video_Interest_group-v2.pdf&usg=AOvVaw380Cj2XPu41BZB6kJkwHQz}},
  note          = {Accessed: 2022-03-23}
}

@misc{Netflix_microservices,
  title         = {[Online] Mastering Chaos - A Netflix Guide to Microservices},
  howpublished  = {\url{https://www.youtube.com/watch?v=CZ3wIuvmHeM}},
  note          = {Accessed: 2022-04-17}
}

@misc{Multicast_data,
  title         = {[Online] MulticastReceiver Explainer},
  howpublished  = {\url{https://github.com/GrumpyOldTroll/wicg-multicast-receiver-api/blob/master/explainer.md}},
  note          = {Accessed: 2022-04-17},
}

@techreport{pardue-quic-http-mcast-09,
	number        =	{draft-pardue-quic-http-mcast-09},
	type          = {Internet-Draft},
	institution   =	{Internet Engineering Task Force},
	publisher     =	{Internet Engineering Task Force},
	note          = {Work in Progress},
	url           = {https://datatracker.ietf.org/doc/html/draft-pardue-quic-http-mcast-09},
  author        =	{Lucas Pardue and Richard Bradbury and Sam Hurst},
	title         = {{Hypertext Transfer Protocol (HTTP) over multicast QUIC}},
	pagetotal     =	68,
	year          = 2021,
	month         =	aug,
	day           =	13,
	abstract      =	{This document specifies a profile of the QUIC protocol and the HTTP/3 mapping that facilitates the transfer of HTTP resources over multicast IP using the QUIC transport as its framing and packetisation layer. Compatibility with the QUIC protocol's syntax and semantics is maintained as far as practical and additional features are specified where this is not possible.},
}

@misc{rfc791,
	series =	{Request for Comments},
	number =	791,
	howpublished =	{RFC 791},
	publisher =	{RFC Editor},
	doi =		{10.17487/RFC0791},
	url =		{https://www.rfc-editor.org/info/rfc791},
        author =	{},
	title =		{{Internet Protocol}},
	pagetotal =	51,
	year =		1981,
	month =		sep,
	abstract =	{},
}

@misc{rfc792,
	series =	{Request for Comments},
	number =	792,
	howpublished =	{RFC 792},
	publisher =	{RFC Editor},
	doi =		{10.17487/RFC0792},
	url =		{https://www.rfc-editor.org/info/rfc792},
        author =	{},
	title =		{{Internet Control Message Protocol}},
	pagetotal =	21,
	year =		1981,
	month =		sep,
	abstract =	{},
}

@misc{rfc793,
	series =	{Request for Comments},
	number =	793,
	howpublished =	{RFC 793},
	publisher =	{RFC Editor},
	doi =		{10.17487/RFC0793},
	url =		{https://www.rfc-editor.org/info/rfc793},
        author =	{},
	title =		{{Transmission Control Protocol}},
	pagetotal =	91,
	year =		1981,
	month =		sep,
	abstract =	{},
}

@misc{rfc768,
	series =	{Request for Comments},
	number =	768,
	howpublished =	{RFC 768},
	publisher =	{RFC Editor},
	doi =		{10.17487/RFC0768},
	url =		{https://www.rfc-editor.org/info/rfc768},
        author =	{},
	title =		{{User Datagram Protocol}},
	pagetotal =	3,
	year =		1980,
	month =		aug,
	abstract =	{},
}

@misc{OSI,
  title         = {[Online] ¿Qué es el modelo OSI?},
  howpublished  = {\url{https://www.cloudflare.com/es-es/learning/ddos/glossary/open-systems-interconnection-model-osi/}},
  note          = {Accessed: 2022-04-23},
}

@misc{How_to_read_RFC,
  title         = {[Online] How to read an RFC},
  howpublished  = {\url{https://www.ietf.org/blog/how-read-rfc/}},
  note          = {Accessed: 2022-04-25},
}

@misc{HTTP_3_root,
  title         = {[Online] HTTP/3: De arriba a abajo},
  howpublished  = {\url{https://blog.cloudflare.com/es-es/http-3-from-root-to-tip-es-es/}},
  note          = {Accessed: 2022-04-25},
}

@misc{HTTP2_vs_HTTP3,
  title         = {[Online] Comparing HTTP/3 vs. HTTP/2 Performance},
  howpublished  = {\url{https://blog.cloudflare.com/http-3-vs-http-2/}},
  note          = {Accessed: 2022-04-25},
}

@misc{rfc988,
	series =	{Request for Comments},
	number =	988,
	howpublished =	{RFC 988},
	publisher =	{RFC Editor},
	doi =		{10.17487/RFC0988},
	url =		{https://www.rfc-editor.org/info/rfc988},
        author =	{},
	title =		{{Host extensions for IP multicasting}},
	pagetotal =	20,
	year =		1986,
	month =		jul,
	abstract =	{This memo specifies the extensions required of a host implementation of the Internet Protocol (IP) to support internetwork multicasting. This specification supersedes that given in RFC-966, and constitutes a proposed protocol standard for IP multicasting in the ARPA-Internet. The reader is directed to RFC-966 for a discussion of the motivation and rationale behind the multicasting extension specified here.},
}
